@book{DBLP:conf/maude/2007,
  editor    = {Manuel Clavel and
               Francisco Dur{\'{a}}n and
               Steven Eker and
               Patrick Lincoln and
               Narciso Mart{\'{\i}}{-}Oliet and
               Jos{\'{e}} Meseguer and
               Carolyn L. Talcott},
  title     = {All About Maude - {A} High-Performance Logical Framework, How to Specify,
               Program and Verify Systems in Rewriting Logic},
  series    = {Lecture Notes in Computer Science},
  volume    = {4350},
  publisher = {Springer},
  year      = {2007},
  url       = {https://doi.org/10.1007/978-3-540-71999-1},
  doi       = {10.1007/978-3-540-71999-1},
  isbn      = {978-3-540-71940-3},
  timestamp = {Mon, 28 Jun 2021 11:09:20 +0200},
  biburl    = {https://dblp.org/rec/conf/maude/2007.bib},
  bibsource = {dblp computer science bibliography, https://dblp.org}
}